<record><leader>00000cas a22000007a 4500</leader><controlfield tag="001">14583609</controlfield><controlfield tag="008">861031d18941898paudn ne      0    0eng d</controlfield><datafield ind1=" " ind2=" " tag="010"><subfield code="a">sn 86081941 </subfield></datafield><datafield ind1=" " ind2=" " tag="040"><subfield code="a">NPH</subfield><subfield code="b">eng</subfield><subfield code="c">NPH</subfield><subfield code="d">OCLCQ</subfield></datafield><datafield ind1=" " ind2=" " tag="042"><subfield code="a">msc</subfield></datafield><datafield ind1="0" ind2="4" tag="245"><subfield code="a">The News dealer.</subfield></datafield><datafield ind1="1" ind2="7" tag="246"><subfield code="a">Wilkes-Barre daily news-dealer</subfield></datafield><datafield ind1=" " ind2=" " tag="260"><subfield code="a">Wilkes-Barre, Pa. :</subfield><subfield code="b">Economic Print. Co.,</subfield><subfield code="c">1894-1898.</subfield></datafield><datafield ind1=" " ind2=" " tag="300"><subfield code="a">4 v. :</subfield><subfield code="b">ill.</subfield></datafield><datafield ind1=" " ind2=" " tag="310"><subfield code="a">Daily (except Sunday)</subfield></datafield><datafield ind1="0" ind2=" " tag="362"><subfield code="a">Vol. 16, no. 297 (Nov. 27, 1894)-v. 20, no. 96 (Mar. 2, 1898).</subfield></datafield><datafield ind1=" " ind2=" " tag="515"><subfield code="a">Editor: S.W. Boyd.</subfield></datafield><datafield ind1=" " ind2=" " tag="530"><subfield code="a">Also issued on microfilm from Bell and Howell.</subfield></datafield><datafield ind1=" " ind2=" " tag="580"><subfield code="a">Also issued in a Sunday edition called: Sunday news-dealer (Wilkes-Barre, Pa. : 1884), and in a weekly edition called: Dollar weekly news-dealer.</subfield></datafield><datafield ind1=" " ind2=" " tag="752"><subfield code="a">United States</subfield><subfield code="b">Pennsylvania</subfield><subfield code="c">Luzerne</subfield><subfield code="d">Wilkes-Barre.</subfield></datafield><datafield ind1="1" ind2=" " tag="775"><subfield code="t">Sunday news-dealer (Wilkes-Barre, Pa. : 1884)</subfield><subfield code="w">(DLC)sn 87078064</subfield></datafield><datafield ind1="1" ind2=" " tag="775"><subfield code="t">Dollar weekly news-dealer</subfield></datafield><datafield ind1="0" ind2="0" tag="780"><subfield code="t">Wilkes-Barre daily news-dealer (Wilkes-Barre, Pa. : 1894)</subfield><subfield code="w">(DLC)sn 86081940</subfield></datafield><datafield ind1="0" ind2="0" tag="785"><subfield code="t">Daily news-dealer (Wilkes-Barre, Pa. : 1898)</subfield><subfield code="w">(DLC)sn 86081942</subfield></datafield></record>